% Example bibliography entry in BibTeX format

@article{articleExample,
  author  = {Peter Adams}, 
  title   = {The title of the work},
  journal = {The name of the journal},
  year    = 1993,
  number  = 2,
  pages   = {201-213},
  month   = 7,
  note    = {An optional note}, 
  volume  = 4
}

@MISC{ref_shm,
  title = {Configuring SHMMAX and SHMALL for Oracle in Linux},
  howpublished = {\url{http://dbasolutions.wikispaces.com/SHMMAX+and+SHMALL}},
  note = {Accessed: 2014-09-04}
}

@MISC{ref_shmvars,
  title = {Oracle TimesTen In-Memory Database Installation Guide: Linux prerequisites},
  howpublished = {\url{http://docs.oracle.com/cd/E21901_01/doc/timesten.1122/e21632/install.htm#TTINS139}},
  note = {Accessed: 2014-09-04}
}

@MISC{ref_shmmax,
  title = {Oracle TimesTen In-Memory Database Installation Guide: Shared memory (Linux)},
  howpublished = {\url{http://docs.oracle.com/cd/E21901_01/doc/timesten.1122/e21632/install.htm#TTINS142}},
  note = {Accessed: 2014-09-04}
}

@MISC{ref_shmmaxvals,
  title = {Oracle TimesTen In-Memory Database Reference: Connection Attributes},
  howpublished = {\url{http://docs.oracle.com/cd/E21901_01/doc/timesten.1122/e21643/attribute.htm#TTREF114}},
  note = {Accessed: 2014-09-04}
}

@MISC{ref_semaphore,
  title = {Oracle TimesTen In-Memory Database Installation Guide: Semaphores (Linux)},
  howpublished = {\url{http://docs.oracle.com/cd/E21901_01/doc/timesten.1122/e21632/install.htm#TTINS141}},
  note = {Accessed: 2014-09-04}
}

@MISC{ref_install_op,
  title = {Oracle TimesTen In-Memory Database Installation Guide: Installing TimesTen},
  howpublished = {\url{http://docs.oracle.com/cd/E21901_01/doc/timesten.1122/e21632/install.htm#TTINS164}},
  note = {Accessed: 2014-09-04}
}

@MISC{ref_bashman,
  title = {bash(1) - Linux man page},
  howpublished = {\url{http://linux.die.net/man/1/bash}},
  note = {Accessed: 2014-09-04}
}

@MISC{pupref,
  title = {What is Puppet?},
  howpublished = {\url{http://puppetlabs.com/puppet/what-is-puppet}},
  note = {Accessed: 2014-09-04}
}

@MISC{,
  title = {},
  howpublished = {\url{}},
  note = {Accessed: 2014-09-04}
}

@MISC{ref_ttgrid,
  title = {Oracle TimesTen Application-Tier Database Cache User's Guide: Configuring a cache grid},
  howpublished = {\url{http://download.oracle.com/otn_hosted_doc/timesten/1122/doc/timesten.1122/e21634/prereqs.htm#TTCAC191}},
  note = {Accessed: 2014-09-04}
}

@MISC{,
  title = {},
  howpublished = {\url{}},
  note = {Accessed: 2014-09-04}
}
